@article{HCTR, 
    title={HCTR: A Variable-Input-Length Enciphering Mode},
    author={Wang, Peng and Feng, Dengguo and Wu, Wenling}, 
    year={2005}, 
    shorthand={HCTR},
    keywords={informative}
}
@article{Bound, 
    title={An Improved Security Bound for HCTR},
    year={2008},
    author={Chakraborty, Debrup and Nandi, Mridul}, 
    keywords={informative}
}
@article{HEH,
    title={Hash-Encrypt-Hash, a block cipher mode of operation},
    author={A. Cope},
    year={2016},
    shorthand={HEH},
    keywords={informative}
}
@article{GCM,
    title={AES-GCM-SIV: Nonce Misuse-Resistant Authenticated Encryption.},
    year={2016},
    author={S. Gueron, A. Langley, and Y. Lindell},
    shorthand={AES-GCM-SIV},
    keywords={informative}
}
@article{RFC2119,
    title={Key words for use in RFCs to Indicate Requirement Levels},
    author={S. Bradner},
    year={1997},
    volume={BCP14, RFC2119},
    DOI={10.17487/RFC2119},
    shorthand={RFC2119},
    keywords={normative}
}
